2970 4780
242 391 328 456 2708
610 409 640 454 r.
664 403 785 453 ovtnrr
812 404 972 452 usseris

273 565 331 602 earn
350 548 658 614 rogatuttlernranicons
671 547 802 612 juniorem
816 545 867 596 sibi
885 547 1052 598 reconciliet:
1076 545 1342 610 pollicctr'rrqrscsels

272 630 346 694 lnrrjur
358 630 395 679 rei
405 630 515 694 gratiano
526 643 577 678 non
588 633 736 679 erecturum
747 627 771 676 ei
790 627 889 690 templs
901 625 934 675 de
945 639 1082 687 marmore,
1091 623 1137 674 sed
1149 624 1265 674 carmine
1274 639 1341 674 cosn-

271 713 408 774 plenarum
426 711 483 775 ejus
501 708 599 760 laudes.
632 707 890 771 Ostenditque¹nibil
909 721 967 757 esse
985 721 1061 771 posse
1077 704 1240 769 principibus
1255 705 1343 768 sptins

271 803 349 854 quarn
371 789 482 838 carmine
505 787 645 838 officiorum
667 801 695 836 se
718 793 854 851 prestare.
885 787 953 836 Turn
972 795 1065 836 nactus
1080 784 1243 834 occasionem
1259 785 1344 834 Po'e'ts

270 869 392 920 carminis
401 868 581 918 excellentiam
591 867 709 916 extollit:
736 873 909 933 precaturque
918 874 948 917 nt
958 865 1005 918 sibi
1015 867 1131 918 carmina
1142 866 1257 930 prosint:
1275 868 1344 927 et,ri

270 964 321 999 non
333 950 417 1014 possit
427 949 539 999 reditum
550 947 577 997 in
588 947 699 1012 patriam
709 947 841 1010 obtinere,
861 949 953 998 saltem
972 947 1030 998 urbi
1044 945 1214 1012 propinquius
1230 945 1347 1008 exilians,

246 1082 249 1093 ,
270 1045 322 1096 quo
333 1031 415 1094 possit
425 1029 533 1080 cesaris
543 1035 616 1093 gertr
626 1029 772 1093 intelligere
783 1035 812 1078 et
824 1028 939 1080 carmine
948 1027 1091 1078 celebrere.

239 1181 400 1272 Lnnrn
417 1227 492 1273 sera
506 1206 652 1291 quidem,
669 1205 792 1271 studiis
806 1205 941 1271 exculte
957 1205 1067 1282 Suilli,

283 1308 362 1373 Huc
376 1315 435 1374 tua
450 1310 611 1394 pervenit,
626 1307 686 1372 sed
700 1304 781 1371 mibi
797 1313 888 1388 grata
903 1313 1030 1370 tamen:

183 1421 189 1432 ·
240 1407 329 1486 Qua,
345 1411 403 1493 pia
418 1411 447 1474 si
463 1411 574 1493 possit
588 1397 734 1492 Superos
748 1410 851 1472 lenire
866 1405 1015 1490 rogando

283 1508 413 1586 Gratia,
427 1511 571 1574 loturum
586 1515 617 1574 te
630 1511 713 1573 mihi
727 1509 814 1574 dicis
830 1528 938 1592 opem.

239 1609 287 1675 Ut
295 1610 367 1694 jam
382 1611 430 1674 nil
444 1617 596 1694 praestes,
612 1611 713 1676 animi
727 1631 801 1675 sum
816 1609 927 1674 iactus
941 1607 1043 1674 enrici

283 1711 443 1792 Debitor;
465 1718 497 1777 et
511 1701 676 1788 meritum,
692 1709 776 1774 velle
787 1709 918 1793 juvare,
935 1727 1034 1774 voco.

237 1813 391 1894 Impetus
404 1815 469 1877 iste
484 1811 560 1877 tuus
574 1812 710 1894 longum
724 1810 825 1874 modo
841 1809 936 1872 duret
949 1807 985 1870 in
999 1824 1129 1886 aevum3

281 1910 379 1974 Nove
394 1912 491 1974 malis
505 1913 613 1994 pietas
627 1913 672 1973 sit
686 1917 741 1973 tna
757 1910 851 1972 lassa
864 1909 976 1983 meis„

238 2013 261 2077 J
265 2031 304 2078 us
318 2011 456 2094 aliquod
471 2009 597 2074 iaciunt
610 2009 720 2074 affinia
733 2010 867 2074 vincula
880 2009 991 2086 nobis,

283 2111 372 2190 Quae
387 2130 517 2194 semper
531 2115 686 2174 maneant
698 2109 893 2174 illabefacta
907 2125 1036 2191 precor.
1302 2106 1343 2169 1⁰

241 2213 331 2278 Nam
345 2213 407 2276 tibi
421 2233 496 2294 quae
512 2211 652 2295 conjux,
667 2209 782 2274 eadem
795 2207 877 2273 mihi
890 2207 961 2271 filia
975 2225 1074 2289 paene
1088 2211 1160 2271 est:

283 2312 327 2377 Et
342 2331 418 2394 quae
435 2317 467 2375 te
481 2331 645 2393 generum,
660 2331 714 2375 me
731 2317 831 2374 vocat
844 2310 905 2373 illa
918 2309 1035 2373 virum.

241 2413 310 2479 Hei
324 2411 418 2490 mihi,
434 2412 465 2474 si
478 2411 575 2475 lectis
588 2411 716 2475 vultum
731 2417 769 2476 tu
782 2409 934 2475 versibus
947 2407 1022 2471 istis

284 2514 402 2592 Ducis,
418 2520 453 2578 et
466 2512 597 2576 affinem
612 2516 646 2574 te
660 2511 766 2595 pudet
778 2531 853 2575 esse
868 2508 995 2572 meum!

274 2689 354 2751 Suilli,
364 2689 465 2752 expolite
475 2686 570 2748 studiis,
586 2691 627 2736 tua
637 2687 736 2750 epistole
751 2687 858 2751 peroret
868 2686 960 2751 quidem
979 2684 1023 2733 lise
1040 2683 1120 2743 turis,
1135 2681 1177 2731 red
1194 2685 1274 2730 tusses
1285 2681 1341 2730 asili

240 2759 343 2816 mepta.
377 2751 527 2806 ancsseris
544 2751 638 2798 temibi
685 2752 811 2800 oeMtururrs
829 2751 955 2809 auxilium,
970 2748 992 2796 si
1006 2747 1049 2810 pia
1064 2746 1147 2808 gruta
1164 2745 1340 2808 possstmllr'se

241 2815 343 2879 Superos
352 2816 450 2863 orssds.
485 2815 589 2863 Tametsi
600 2813 651 2861 nib'
671 2817 742 2862 etiam
751 2829 895 2877 prosrooeor,
912 2828 963 2862 sarr
974 2809 1159 2871 soeiudebitor
1169 2809 1246 2858 nsirsr'
1255 2809 1340 2864 amicir

241 2885 266 2928 et
276 2879 366 2941 appello
375 2877 518 2940 oeseflrisrs,
535 2878 592 2924 selle
608 2879 722 2938 prodesse.
755 2879 829 2926 Modo
846 2877 892 2924 iste
908 2879 980 2924 ordor
996 2879 1084 2938 perstet
1102 2873 1127 2922 is
1137 2875 1232 2934 longum
1242 2878 1341 2934 snpra

240 2957 298 2990 sese
308 2947 362 2990 trrrr
371 2937 593 3000 wrrordesniigeter
606 2941 667 2987 meis
685 2940 761 2988 nrnlr's.
795 2939 988 2988 Necessituuises
1004 2939 1129 3003 affinitatis
1144 2939 1205 2985 dost
1222 2935 1290 2985 soliis
1299 2937 1341 2996 jss

241 3005 333 3118 w
344 3020 352 3060 ς
367 3017 418 3066 pua
428 3017 469 3050 oro
483 3006 588 3064 perstent
599 3017 689 3063 semper
699 3004 790 3052 illoesoe.
823 3004 889 3051 Nost
899 3017 950 3065 quse
966 3007 1002 3050 est
1014 3002 1057 3050 tibi
1069 3015 1138 3062 uxor,
1154 3002 1234 3048 masur
1240 2999 1297 3058 fere
1307 3005 1340 3049 est

269 3069 274 3081 '
294 3067 378 3133 ‘filiai
394 3073 418 3116 et
429 3067 470 3115 illo
479 3080 531 3128 quc
541 3067 643 3128 appellat
655 3071 853 3127 tertiimanus
862 3065 980 3129 appellat
989 3065 1109 3114 madiam.
1143 3063 1193 3112 Hei
1204 3064 1304 3123 ailbei
1315 3069 1341 3112 tr

241 3133 361 3183 contraiis
365 3131 465 3194 scriem,
474 3129 512 3178 bis
521 3129 663 3178 carminibus
671 3131 747 3194 ledis,
757 3137 781 3180 et
792 3135 817 3179 te
824 3131 897 3194 prust
907 3144 957 3179 erre
967 3144 1043 3179 rreum
1052 3126 1162 3194 mers!
1185 3129 1221 3178 As
1230 3127 1293 3176 sitit
1301 3143 1341 3192 ps·

700 3255 876 3276 W

276 3331 289 3376 l
307 3327 382 3375 Serv.
400 3326 462 3373 uod.
478 3325 571 3372 acolis
588 3321 663 3372 S.-n
681 3323 732 3371 lle.
744 3323 845 3372 Berrns.
862 3321 919 3371 Huc
939 3335 1027 3398 quoqne
1040 3325 1153 3384 pera-8
1170 3321 1222 3370 Me.
1240 3321 1339 3374 Bessus

244 3393 305 3448 ραι
317 3391 367 3451 pin.
402 3389 465 3436 Mox
476 3389 550 3450 possit
566 3387 654 3435 Brrrrn.
666 3388 768 3450 recepit
779 3401 810 3434 ex
822 3386 1006 3434 duobnrlibrrs
1018 3399 1066 3448 pro
1078 3385 1290 3448 wipponem—i
1307 3388 1341 3436 P.

243 3457 310 3504 Dru.
322 3453 381 3502 lun.
394 3451 467 3501 Leld.
480 3451 530 3500 Ms.
543 3451 642 3500 Bersm.
654 3457 681 3500 et
693 3465 732 3512 pr.
745 3449 795 3499 Ed.
817 3449 850 3500 Ut
860 3449 919 3498 mili
929 3449 966 3498 sil
978 3453 1060 3512 prosi.
1078 3445 1110 3497 R.
1126 3449 1159 3497 Ut
1177 3449 1237 3509 stibi
1253 3465 1339 3498 sos.—

243 3523 258 3566 ’1
276 3515 384 3565 Plurimi
395 3516 453 3564 mur
463 3529 511 3578 pro
521 3515 604 3563 modo.-
621 3515 652 3563 P.
666 3514 733 3563 Dan.
744 3515 810 3562 mods
819 3515 888 3562 detur
898 3514 980 3563 ire-8
999 3511 1122 3562 Nonnulli
1133 3518 1176 3560 trs
1191 3514 1258 3575 lapsa
1267 3515 1339 3570 uris,-

243 3594 309 3632 nnus
318 3580 403 3641 pulsa.-
421 3578 453 3628 P.
464 3579 534 3627 Dan.
543 3587 571 3626 ct
583 3578 615 3627 lt.
627 3579 698 3640 rictu,
708 3578 776 3643 quod
788 3591 837 3627 nec
849 3577 971 3641 displicet
984 3577 1121 3626 Burin-ti
1137 3574 1227 3634 Esne.
1240 3577 1339 3642 confinis

698 3739 703 3748 .
735 3705 845 3756 NOTAE

275 3808 288 3852 l
308 3800 419 3866 Erculis]
451 3797 600 3862 Discipliuis
618 3797 769 3851 liberalibus
840 3807 855 3852 6
874 3803 919 3852 Nil
927 3800 1036 3865 prester]
1058 3799 1130 3850 Nihil
1146 3799 1227 3863 possis
1244 3799 1271 3850 in
1286 3801 1337 3852 snei

243 3877 367 3942 expolite.
808 3877 916 3941 gratiam
928 3874 1063 3939 perlicere.

273 3951 375 4016 nlius]
396 3949 575 4015 luScytlrisrn.
841 3949 989 4014 tlmpetss]
1022 3948 1110 3998 Ardor
1131 3965 1182 4014 quo
1204 3949 1237 4000 sd
1260 3965 1338 4015 opera

274 4033 295 4078 ³¹
310 4028 461 4092 Piogrntirq
487 4027 639 4078 Amortuus
655 4041 770 4093 ergsmc
810 4027 908 4076 Nasoni
920 4024 1053 4074 ferendam
1065 4023 1167 4073 Suillius
1180 4026 1328 4076 tenebatur.

243 4103 308 4168 pius.
843 4106 871 4151 ll
901 4099 987 4162 Perre]
1018 4098 1086 4151 Quis
1107 4097 1161 4147 filis
1178 4097 1229 4149 fuis
1249 4101 1337 4151 uxoris

275 4177 388 4241 Superos]
420 4179 559 4245 Tiberium,
580 4180 771 4248 Germanicam,
810 4177 908 4230 Ovidii·

245 4251 359 4317 aliosque
369 4267 402 4302 ax
413 4254 489 4305 domo
500 4253 627 4318 Augusta.
844 4255 874 4306 lt
891 4251 979 4316 Dasio]
994 4251 1133 4316 arrogo.
1166 4247 1244 4304 Quod
1252 4251 1338 4302 solent
