2990 4784
420 383 538 434 erres.
562 383 614 434 cx
638 373 760 432 norro
785 381 858 432 ere.
882 379 940 432 ιιι.
961 367 994 433 7.
1169 365 1260 444 wod

158 523 279 592 'l'oedia
293 523 459 592 consimili
471 526 541 592 ficri
556 526 598 592 ds
612 527 759 591 carmine
772 525 881 602 vobis,

187 709 190 714 Δ
203 627 363 711 Quidque
377 633 500 711 petam,
516 637 653 694 cunctos
666 628 844 693 edidicisse
857 645 941 692 reor.

160 726 288 794 Nostra
303 729 383 814 quid
399 734 552 813 apportet
560 731 633 815 jam
648 731 752 794 nostis
767 730 923 812 epistota,
941 725 1098 812 quamvis
1236 725 1260 788 5

204 828 326 894 Charta
340 832 385 894 sit
399 850 420 893 a
434 831 555 896 vinclis
571 850 637 894 non
651 828 819 896 labefacta
835 829 914 894 suis.

160 931 248 1014 Ergo
261 939 406 996 mutetur
418 933 524 997 nostri
540 933 700 997 sententia
715 933 844 1014 scripti,

204 1031 259 1096 Ne
273 1034 371 1098 toties
389 1040 517 1111 contra,
532 1052 630 1116 qnam
644 1036 733 1118 rapit
746 1035 864 1110 amnis,
879 1050 963 1096 eam.

160 1130 260 1212 Quod
277 1135 414 1200 beneda
431 1137 526 1200 vobis
541 1137 684 1218 speravi,
700 1135 877 1217 ignoscite,
893 1131 1011 1198 amici:

202 1233 301 1298 Talia
316 1236 476 1318 peccandi
486 1235 559 1318 jam
576 1235 655 1298 mihi
671 1235 746 1298 finis
760 1235 834 1297 erit.

155 1331 234 1398 Nee
249 1337 358 1415 gravis
372 1338 467 1401 uxori
482 1336 591 1400 dicar:
614 1345 691 1418 quae
706 1335 837 1399 scilicet
851 1335 886 1396 in
904 1351 956 1398 nte

203 1431 314 1511 Quam
329 1437 446 1520 proba,
461 1443 528 1502 tem
544 1437 661 1500 timide
674 1441 737 1512 est,
753 1437 991 1517 experiensque
1005 1453 1134 1517 parum.

160 1533 250 1598 Haec
264 1555 409 1619 quoque,
425 1536 534 1613 Naso,
548 1537 655 1600 seres:
678 1538 799 1600 etenim
814 1536 934 1619 pejora
946 1535 1064 1602 tulisti.

201 1633 280 1700 Jam
296 1636 358 1700 tibi
372 1637 487 1701 sentiri
502 1637 633 1702 sarcina
647 1637 739 1700 nulla
753 1642 870 1719 potest.

161 1732 293 1800 Ductus
307 1737 351 1800 ab
366 1741 513 1802 armento
528 1744 642 1801 tauros
657 1735 817 1800 detrectat
831 1741 985 1816 aratrum,
1217 1735 1261 1800 1⁵

159 1897 160 1901 ,
203 1836 374 1927 Subtrahit
388 1843 421 1902 et
435 1837 517 1902 duro
529 1837 619 1903 colla
632 1836 765 1902 novella
774 1836 866 1920 jugo.

160 1935 248 2016 Nos,
264 1939 384 2021 quibus
399 1941 546 2002 assuevit
558 1939 664 2003 satum
679 1938 853 2002 crudeliter
868 1939 928 2017 uti,

202 2036 258 2102 Ad
275 2039 367 2104 raaia
374 2040 447 2123 jain
461 2039 590 2122 pridem
603 2059 670 2104 rron
684 2059 798 2103 sumus
813 2041 883 2104 ulla
893 2039 1004 2104 rudes.
1071 2071 1074 2078 .

159 2135 320 2208 Venimus
333 2140 367 2204 in
380 2139 519 2204 Geticos
532 2139 615 2202 fines
627 2159 637 2218 ;
659 2140 840 2201 moriamur
852 2141 886 2200 in
901 2139 966 2202 illis
979 2133 1006 2202 :¹

202 2239 377 2322 Parcaque
390 2240 434 2304 ad
445 2246 639 2314 extremm,
654 2248 811 2321 quemad
826 2239 1022 2332 coepit,eat.
1215 2234 1261 2306 20

147 2400 214 2467 fise.
247 2399 311 2450 Poto
322 2402 408 2450 tedere
418 2413 572 2450 ooscmrrtorr
582 2402 745 2464 constratam,
755 2407 779 2451 et
787 2415 865 2450 omnes
876 2402 1017 2451 intellexisse
1028 2401 1084 2464 said
1091 2415 1161 2451 mem.
1193 2403 1262 2450 Jam-

158 2479 204 2528 que
213 2465 354 2525 cognovistis
364 2467 420 2528 qnid
430 2471 510 2514 nostro
520 2466 619 2527 epistota
630 2467 693 2526 ertit,
704 2467 808 2529 qoomcss
819 2467 900 2514 chorte
910 2481 956 2514 noa
965 2467 995 2514 sit
1008 2467 1083 2514 soluto
1093 2467 1142 2514 suis
1152 2465 1260 2516 strate.

158 2529 270 2591 Adeoque
278 2543 359 2578 sessos
374 2530 450 2578 nostri
460 2529 543 2592 scripti
553 2533 665 2588 mdetcr,
683 2545 711 2577 rte
728 2529 798 2578 toties
809 2529 880 2588 seror
896 2534 1056 2592 contraquam
1067 2529 1161 2592 flectus
1174 2529 1262 2581 easta

159 2591 226 2642 Dete
236 2593 336 2653 mam,
347 2594 426 2655 amici,
442 2593 502 2656 qood
513 2591 568 2641 desse
578 2593 670 2656 spersci
687 2593 716 2640 de
730 2592 807 2640 sodis:
824 2607 884 2641 aare
892 2595 999 2641 omittam
1010 2593 1045 2640 sic
1055 2605 1143 2640 errore.
1178 2593 1260 2655 Nepae

158 2656 226 2708 dicer
236 2671 344 2706 onmes
353 2658 456 2720 conjugi,
473 2672 524 2720 φιαι
542 2657 631 2706 seilicet
650 2663 699 2704 tom
717 2657 801 2705 timido
819 2661 863 2710 est.
882 2663 905 2704 et
922 2669 1005 2719 possm
1014 2657 1095 2716 sotere,
1114 2669 1181 2716 osam
1192 2654 1261 2706 doum

160 2719 267 2769 Potiers's
277 2721 327 2769 dec
336 2722 418 2782 etiem,
440 2721 505 2770 Naso
514 2736 524 2778 ‚·
538 2735 636 2783 sorsque
650 2735 733 2784 possus
750 2735 774 2770 es
790 2721 910 2782 pociora.
943 2721 1041 2770 Notium
1052 2733 1111 2768 ones
1120 2719 1173 2778 jum
1183 2725 1261 2781 potest

159 2785 243 2832 sentiri
254 2788 310 2832 ote.
343 2785 394 2834 Bos
404 2790 484 2848 ceptus
495 2783 524 2832 ab
532 2790 638 2834 armento
654 2783 745 2846 refugit
755 2785 785 2832 etr
795 2789 885 2844 aratro,
902 2789 925 2834 et
935 2783 1051 2833 subtrahit
1062 2782 1172 2832 cervicem
1183 2783 1261 2832 insoli-

156 2851 210 2896 tem
219 2849 374 2910 apterojogo.
407 2849 467 2908 Nos,
485 2848 568 2911 quidne
578 2847 660 2908 fotam
671 2849 788 2896 consuevit
798 2851 834 2896 oti
845 2849 979 2908 crudeliter,
999 2864 1044 2896 ιιοιι
1053 2861 1132 2896 serras
1142 2848 1195 2896 nori
1205 2847 1261 2906 jem

160 2910 202 2960 diri
211 2913 243 2962 od
251 2913 299 2960 sotto
309 2914 378 2962 meto.
410 2913 556 2962 Accessimrrs
566 2915 596 2962 od
608 2927 661 2962 ores
674 2913 780 2976 Geticos,
791 2915 918 2963 moriamur
928 2915 952 2962 is
963 2913 1024 2962 iltis:
1042 2917 1066 2963 et
1077 2927 1127 2962 meo
1137 2910 1261 2969 sorssors·

192 3100 208 3146 d
225 3096 298 3146 Serv.
310 3097 421 3160 Quodque
430 3103 478 3159 pet.
496 3097 559 3146 Mox
575 3097 643 3147 Mor.
652 3103 679 3146 et
691 3102 743 3145 tres
755 3097 797 3146 atii
809 3105 884 3148 coiret.
898 3098 952 3159 jem
963 3098 1071 3147 didicisse
1082 3101 1192 3145 reon-⁵
1205 3095 1260 3148 Alii

161 3159 223 3209 Nost
283 3161 361 3224 equid
370 3167 458 3224 portet,
475 3169 502 3210 et
520 3163 550 3210 R.
570 3163 660 3210 Nostro
678 3161 735 3223 qaid
754 3166 903 3223 opturet-o
920 3163 973 3210 Pro
994 3163 1084 3208 chorte
1104 3161 1161 3208 Pei.
1180 3159 1260 3211 hebet

162 3176 288 3274 ωαξης.
298 3225 368 3274 Dsn.
380 3227 475 3274 Classe
491 3225 555 3273 Mox
570 3239 635 3274 unus
646 3224 709 3273 eoo.
720 3237 765 3272 reo
775 3225 886 3286 resoluto,
901 3232 928 3274 et
943 3225 1041 3273 'Phaon
1054 3233 1080 3272 et
1092 3223 1191 3272 Arrrnd.
1201 3224 1260 3271 itre-

158 3288 293 3338 ssisto.-8
310 3289 493 3338 ProeemJon.
513 3293 560 3350 eat,
579 3287 646 3351 qood
664 3287 764 3349 reecpit
781 3287 883 3337 Auctor
901 3287 984 3338 Eiect.
998 3289 1138 3337 Eion—1⁰
1155 3287 1222 3336 Mor.
1234 3291 1261 3336 et

162 3357 215 3401 tres
234 3352 277 3400 siti
294 3351 348 3400 Tot.
367 3351 471 3414 peccasti
481 3352 608 3411 joa-u
628 3351 700 3400 otim
720 3351 784 3400 editi
795 3353 834 3400 Ne
848 3353 1053 3415 pertemptasset
1066 3349 1156 3412 scripti
1171 3351 1261 3398 Nea-

163 3417 194 3463 la
210 3415 283 3464 [reid.
298 3415 432 3478 Temprots
442 3416 572 3478 psomts'm.
588 3417 652 3463 Tum
664 3415 725 3463 Pet.
743 3420 787 3476 est,
803 3417 984 3478 proficimspoer
1004 3415 1093 3464 Heins.
1106 3413 1210 3462 volebat
1221 3427 1262 3462 ec·
1278 3435 1283 3445 ¹

159 3479 308 3541 pedissequo,
319 3480 360 3527 vei
368 3479 548 3544 perficiasque:
567 3480 672 3541 vulgate
690 3484 786 3538 sutem,
794 3479 882 3541 judice
896 3481 983 3528 Borm.
994 3485 1090 3527 rectam
1102 3491 1129 3525 se
1140 3477 1260 3526 habet.-

163 3544 194 3590 18
210 3542 305 3606 scripti
319 3543 420 3606 plurimi
433 3543 512 3599 Hec3
532 3542 576 3591 slii
596 3557 653 3590 euro
672 3544 759 3591 multis
779 3543 855 3592 editis
873 3544 1007 3592 Hoc—1⁵.
1026 3547 1057 3592 16
1073 3540 1125 3591 Atii
1137 3543 1260 3602 detrectet,

162 3604 367 3656 &diedo-1⁷
385 3605 510 3666 Leidsst.
518 3606 651 3656 eredetidos
658 3622 668 3664 ‚·
684 3607 752 3656 node
762 3607 855 3656 Hetnr.
869 3608 1060 3658 credetiss.-i9
1076 3607 1092 3656 J
1096 3619 1138 3654 uo.
1149 3613 1176 3656 et
1188 3606 1219 3656 P.
1229 3607 1263 3656 ad

163 3683 211 3732 nro
222 3669 257 3722 is.
273 3671 336 3720 Mox
347 3669 420 3721 leid.
431 3671 493 3722 dun.
504 3678 531 3721 et
542 3671 667 3722 tredecim
679 3671 774 3737 siiifis.
784 3671 909 3722 moriersor
920 3673 1020 3722 ita-20
1037 3669 1108 3722 Leid.
1120 3669 1145 3720 is
1156 3685 1203 3734 pro
1212 3669 1261 3718 od:

658 3805 767 3859 NOTAE

194 3919 212 3966 Β
228 3917 322 3982 emsa]
337 3917 458 3969 Fortuna
472 3915 628 3983 melignites,
645 3924 691 3970 sut
731 3933 795 3972 ram.

162 3987 210 4044 aa
221 3993 351 4060 iniqnitas.
768 4001 800 4046 18
817 3993 953 4044 Crsdsttter
967 3990 1014 4057 oti]
1031 3989 1179 4042 credeliter
1194 3993 1262 4040 trss·

96 4076 105 4088 ’
195 4075 227 4122 12
244 4072 387 4136 disperiens]
404 4072 497 4124 Solen.
734 4066 812 4121 tare(

196 4149 532 4214 testamentode
552 4150 691 4202 amicorum
767 4152 799 4198 2⁰
816 4145 905 4208 Perse]
936 4144 990 4194 Pro
1012 4147 1081 4192 sorte
1101 4153 1147 4190 sus
1167 4139 1261 4202 posuit,

164 4227 243 4287 etque
254 4224 341 4273 exeris
357 4238 445 4274 vsnsm
464 4233 510 4276 sut
523 4225 619 4277 nolis·
632 4239 692 4290 ope·
733 4223 779 4274 coi
794 4223 885 4276 Psrcoe
905 4227 951 4272 snt
965 4217 1023 4271 ists
1038 4229 1130 4282 aspen
1144 4216 1197 4282 jn
1208 4215 1262 4280 pri·
