2994 4816
227 327 314 398 226⁰
592 343 625 404 r.
648 339 770 392 ovrnn
792 337 956 390 nnsonra

230 459 319 550 Esr
332 485 424 564 min,
441 485 815 570 nequamneuam
830 485 935 550 turen
950 481 1111 550 nume

274 586 405 669 Navie3
427 596 463 652 et
476 607 498 653 a
510 589 604 673 picta
617 587 750 654 casside
764 603 884 651 nomen
896 585 1010 651 habet.

232 688 311 752 Sive
327 707 415 772 opus
429 693 481 753 eet
492 689 595 768 velie3
617 687 789 754 minimam
804 688 889 752 bena
903 688 1002 752 currit
1014 685 1058 750 ad
1073 701 1209 750 euram:

275 775 354 854 Sive
367 808 454 872 opua
466 796 518 855 eat
530 809 640 872 rem03
663 793 786 873 remige
800 789 908 874 carpit
920 789 990 853 iter.

231 887 306 956 Nec
322 893 460 958 comites
474 891 602 958 volucri
617 890 980 958 contentaestvincere
995 907 1118 954 cursu:
1310 887 1335 954 5

276 989 432 1076 Occupat
446 1009 601 1076 egressae
617 991 801 1076 quamlibet
816 996 891 1055 aute
904 994 1002 1057 ratae.

232 1093 277 1158 Et
288 1095 414 1179 patitur
426 1095 558 1174 ductus,
570 1095 701 1178 fertque
715 1093 901 1158 assilientia
912 1093 1011 1174 louge

275 1195 437 1280 AEquora‚
452 1217 513 1262 nec
526 1198 627 1262 sevis
641 1197 709 1264 icta
721 1195 850 1261 fatiscit
864 1196 973 1278 aquis.

235 1296 314 1375 Ille,
328 1295 552 1363 Corinthiacis
567 1301 710 1382 primurn
723 1297 804 1361 mihi
821 1297 954 1380 cognita
969 1295 1141 1375 CenchriS,

279 1397 367 1462 Fide
380 1406 490 1462 manet
504 1400 641 1483 trepidae
656 1399 797 1481 duxque
810 1415 987 1481 comesque
1000 1395 1101 1480 inger.
1289 1397 1334 1462 10

235 1499 370 1582 Perque
385 1507 437 1564 tot
450 1493 598 1578 eventus,
611 1505 644 1564 et
657 1499 781 1582 iniquis
797 1499 930 1564 concita
941 1499 1048 1564 uentis

280 1600 442 1684 AEqnora,
458 1601 614 1666 Palladio
625 1603 757 1666 numine
772 1605 843 1666 tuta
855 1600 929 1668 suit.
1030 1671 1034 1676 ,

271 1784 316 1834 Ea
326 1785 384 1834 rniii
395 1785 470 1842 neria,
481 1787 565 1850 aitque,
573 1801 623 1846 ore,
639 1787 716 1836 tutela
722 1786 797 1852 fiere
809 1787 942 1843 hliaerroer
957 1791 981 1836 et
992 1783 1060 1836 hold
1070 1797 1153 1834 neuen
1161 1799 1177 1834 u
1184 1783 1251 1849 pieta
1260 1783 1338 1847 gelen

237 1847 294 1899 Sine
304 1863 361 1911 aona
370 1855 405 1898 ert
416 1849 527 1910 codena
539 1849 623 1907 sertin
641 1851 696 1900 hene
713 1851 809 1900 minine
826 1855 915 1910 eento;
930 1849 980 1899 aire
991 1865 1050 1912 opaa
1066 1853 1101 1898 eet
1111 1849 1191 1909 reatin¹
1209 1849 1337 1912 inpellitur

236 1913 334 1974 remige.
368 1915 447 1976 Neque
458 1913 496 1962 illi
506 1914 565 1962 rotie
576 1919 610 1963 ert
621 1929 732 1978 rupem
743 1916 817 1964 ewice
827 1916 898 1964 celeri
908 1929 993 1973 curaer
1009 1915 1110 1974 utthgit
1120 1927 1192 1962 noea
1202 1915 1274 1962 nnalto
1283 1917 1340 1960 onte

238 1989 353 2036 egreeaoa.
387 1979 420 2026 Et
426 1977 478 2037 sert
495 1979 580 2040 ander,
598 1983 620 2027 et
625 1979 702 2045 firmo
712 1984 748 2028 en
759 1983 869 2028 odrernue
879 1978 956 2026 Μία
966 1992 980 2028 e
989 1977 1114 2040 tengtnqw
1124 1977 1250 2038 irruentia,
1268 1989 1341 2038 neqne

239 2035 339 2088 acirim
349 2041 471 2091 warato
481 2041 546 2102 seria
563 2041 637 2106 cqaie.
673 2043 719 2092 Illo
733 2044 837 2106 priraaen
857 2041 916 2092 milri
934 2043 1030 2104 wgnite
1050 2041 1162 2090 cenchrin
1174 2041 1341 2099 Corinthiaci«,

239 2104 374 2174 etutfldelr'a
384 2107 434 2156 don
441 2111 464 2156 el
475 2119 549 2156 conta
556 2107 639 2170 poridi
649 2107 726 2158 exilii.
758 2109 838 2172 Atque
847 2121 891 2170 per
901 2111 937 2156 tot
946 2120 1023 2170 mee,
1036 2110 1059 2154 et
1072 2104 1149 2155 neria
1159 2103 1254 2155 tardato
1265 2103 1341 2154 oentir

699 2233 876 2255 umneuoe

273 2322 289 2368 i
306 2317 352 2369 Pr.
373 2319 474 2370 Pelet
491 2321 543 2372 doe
563 2321 607 2371 alii
627 2326 663 2372 ort
681 2322 749 2378 celer
764 2323 822 2372 nia.
853 2321 918 2372 Tum
937 2335 1003 2371 noun
1022 2320 1091 2372 liber
1108 2320 1158 2370 cita
1176 2335 1225 2386 pro
1244 2320 1342 2370 lene.-

242 2389 259 2434 t
282 2383 357 2433 Laid.
384 2389 419 2432 eet
438 2386 525 2443 reatin,-
544 2399 602 2436 rene.
618 2391 700 2450 eaptot
716 2386 819 2436 itm-t
836 2386 899 2436 'l'rer
917 2385 978 2436 lihri
996 2401 1055 2437 een.
1074 2386 1144 2436 celeri
1162 2389 1273 2435 eona-ti
1292 2382 1344 2432 Alii

320 2447 383 2496 ibet:
401 2449 473 2498 Laid.
485 2459 514 2500 et
525 2463 565 2513 pr.
578 2450 626 2500 Ed.
638 2449 808 2514 quartillae-l
825 2447 934 2500 Plurimi
947 2451 1038 2515 ecripti
1051 2451 1085 2500 Et
1143 2449 1261 2514 ‘terflaet
1277 2447 1342 2497 'tum

274 2526 307 2562 ee.
319 2511 420 2562 Beranr.
432 2513 494 2571 serit
513 2513 703 2566 metientia-ti
720 2516 760 2565 lix
777 2513 877 2565 doohua
891 2522 956 2565 vett.
973 2515 1065 2565 lleiur.
1100 2513 1155 2564 edit
1172 2514 1220 2562 ieto
1231 2510 1345 2570 somn:

244 2575 313 2641 quod
325 2577 405 2626 etiarn
417 2577 444 2626 in
455 2577 555 2632 Erfurt.
573 2579 727 2642 Zinzerling.
747 2579 876 2629 Promoln.
893 2593 952 2642 cao.
966 2583 1007 2628 tr.
1025 2579 1174 2638 invenerat;
1192 2575 1261 2636 vulg.
1280 2574 1346 2623 oleta
1446 2587 1452 2594 ·

243 2641 371 2698 mered,-
383 2641 455 2690 multi
468 2643 545 2692 etiarn
558 2643 600 2691 alii
612 2645 661 2692 icto
672 2641 841 2692 madenia-⁹
852 2642 965 2692 Cenoma
975 2656 1008 2691 ex
1018 2642 1118 2692 emend.
1139 2639 1263 2698 uterum
1276 2637 1347 2701 vulg.

242 2705 329 2752 terrie:
347 2703 438 2752 licina.
448 2704 585 2768 legandum
598 2712 673 2767 putat
685 2703 824 2754 Cenchreis:
841 2705 884 2756 alii
896 2706 974 2754 etiarn
995 2703 1159 2756 Triaria-ll
1178 2705 1238 2755 Non
1257 2701 1347 2766 placet

242 2758 287 2815 ille
300 2765 418 2830 rhythmo
429 2769 559 2830 proximae
571 2783 657 2829 nonus,
668 2774 765 2818 creatae
773 2774 800 2817 et
811 2769 888 2818 centia
894 2783 904 2826 ,·
924 2783 1008 2834 neque
1019 2769 1082 2834 quid
1093 2771 1133 2820 hic
1147 2773 1295 2832 pateream
1307 2765 1347 2816 in·

244 2829 357 2906 ningat,
368 2831 429 2880 entia
440 2833 530 2896 capior
549 2845 628 2896 quare
648 2832 769 2896 legerem,
788 2831 810 2881 ai
829 2832 934 2882 codlcea
948 2832 1077 2895 faverent,
1094 2835 1186 2946 Fertne
1197 2838 1232 2881 tet
1243 2831 1348 2880 adoeraia

244 2899 269 2944 et
280 2895 367 2956 iniquia
376 2895 556 2945 concitaveritis
568 2897 682 2960 AEqaoro.
715 2895 828 2945 Adverti
848 2897 919 2946 renti
939 2896 1035 2947 diverti
1052 2905 1112 2948 aunt
1129 2912 1145 2946 a
1180 2896 1283 2960 iniquia,
1301 2894 1347 2958 qul

247 2963 307 3006 eunt
319 2957 493 3018 vehementer,
509 2961 649 3022 procellam
660 2968 688 3009 et
703 2965 886 3023 tempeatatern
897 2957 1021 3011 ferentea.
1055 2962 1187 3020 Francinn,
1202 2961 1280 3011 etiam
1296 2971 1347 3007 non

244 3020 330 3070 serene
341 3021 511 3085 rhythmicum
523 3022 592 3072 illum
605 3024 827 3086 ronontegehar,
834 3039 919 3088 perque
929 3030 966 3074 tet
973 3024 1109 3085 war:
1126 3039 1178 3074 uon
1190 3023 1292 3086 malari
1303 3036 1348 3072 co·

246 3085 316 3134 dicen
324 3085 464 3147 innarenn
481 3101 539 3135 uam
552 3087 625 3136 uerbi
636 3089 693 3152 ejue
705 3101 765 3136 naun
776 3087 802 3137 in
814 3089 873 3136 navi
892 3089 1006 3138 adeunto
1019 3089 1105 3139 curria
1114 3097 1142 3140 et
1152 3087 1285 3140 dectnoain
1294 3099 1348 3135 arn·

246 3147 403 3212 hagihnaeat
414 3147 544 3215 nequem.
565 3151 626 3202 Vid.
645 3151 736 3201 Barth.
756 3150 789 3200 ad
799 3153 866 3202 star.
923 3152 966 3203 ah.
977 3165 1003 3202 v.
1013 3158 1070 3205 tlt.
1088 3155 1241 3204 Barna—1¹
1257 3153 1305 3202 Pr.
1314 3150 1349 3200 V.

738 3313 846 3366 Nom

279 3430 293 3475 l
312 3423 477 3490 luteloNarn
489 3440 566 3492 enpra
577 3430 775 3481 monulmnrve-
817 3430 866 3482 hun
886 3432 1006 3502 imperita
1025 3445 1082 3482 enee
1098 3421 1219 3482 uoniaa':
1234 3427 1352 3481 credide·

248 3509 319 3552 terce
342 3499 368 3548 lu
390 3500 472 3565 puppi
489 3501 629 3552 sacrarium
647 3504 777 3568 quoddam
817 3505 917 3570 riuique
927 3509 952 3554 in
962 3521 1039 3569 prora
1048 3505 1150 3567 lonlgne
1159 3504 1288 3566 acelptunr
1297 3504 1352 3567 pic·

245 3572 469 3640 habninee,lnquo
481 3575 527 3624 Dii
538 3577 617 3626 locati
629 3579 700 3628 naria
711 3591 778 3643 pree·
819 3586 926 3644 turaque
942 3579 1019 3629 fulan
1040 3586 1071 3628 ut
1087 3578 1224 3641 plurimum
1245 3589 1278 3626 en
1298 3593 1351 3643 quo

247 3652 317 3704 aldea
326 3649 542 3715 atquecuetodee‚
555 3651 599 3716 qui
608 3651 701 3702 Tutela
710 3651 780 3702 dice·
819 3666 915 3702 nomen
942 3660 1099 3702 sumuntur:
1128 3649 1259 3715 quemodo
1277 3651 1353 3706 dirue

247 3729 355 3780 hatur.
388 3725 513 3790 Adeoque
530 3726 573 3777 hlc
592 3727 673 3778 Narin
688 3727 782 3780 tutela
820 3727 917 3777 Paulun
937 3742 953 3779 a
973 3727 1080 3778 Curare
1102 3733 1131 3778 et
1151 3727 1260 3777 Polluce
1281 3727 1352 3781 illarn

248 3802 397 3872 appellatur
422 3815 470 3865 per
491 3802 687 3866 apponitiouenr,
708 3803 782 3868 quael
820 3802 1012 3868 terrenaeque
1028 3803 1053 3853 ln
1072 3803 1173 3854 ltaliam
1192 3811 1284 3854 rectae
1303 3811 1354 3856 eet.

249 3885 321 3936 dieat
336 3879 484 3933 urerentur
501 3881 586 3930 uerirn
597 3895 655 3930 erae
669 3882 781 3932 et'l’ute·
821 3880 939 3934 Corhitnr
953 3880 1108 3932 dicebantur
1125 3881 1296 3930 eornmnuiter
1310 3895 1355 3931 na·

249 3961 302 4009 laur
323 3957 460 4022 Minerva,
480 3971 538 4008 cunr
561 3957 633 4007 uaria
651 3957 677 4007 io
699 3959 782 4010 tutela
821 3972 866 4008 nea
888 3957 1024 4018 oneraria,
1042 3971 1099 4021 qun
1116 3957 1142 4004 in
1165 3968 1264 4004 nummo
1286 3957 1355 4008 malo

249 4033 387 4083 Minerva.
823 4034 915 4085 corben
931 4051 978 4098 pro
996 4035 1069 4098 aigne
1081 4032 1216 4098 gerebant.
1244 4032 1356 4084 Galeam

284 4109 301 4156 2
319 4104 428 4168 cnut]
445 4107 515 4157 Hine
526 4112 599 4172 patet
618 4121 668 4158 non
682 4123 785 4173 aemper
824 4110 923 4172 ineiqrre
938 4109 1067 4160 habehant
1085 4123 1142 4174 qun
1155 4108 1223 4160 hello
1239 4117 1354 4175 parata:

253 4179 348 4236 alliis
364 4179 413 4232 nuh
429 4181 599 4246 oojnetntela
613 4193 701 4237 cuent
716 4183 785 4236 narl-
825 4183 951 4237 Mercurii
967 4192 1086 4252 petaaunr
1105 4191 1162 4250 qua
1181 4185 1214 4238 ad
1235 4185 1356 4240 celerita-
1394 4178 1399 4188 '
